@book{tanenbaum,
	author    = "A. S. Tanenbaum",
	title     = "Modern Operating Systems",
    edition   = "3rd",
	publisher = "Pearson Education Inc.",
	address   = "Upper Saddle River, NJ",
	year      = 2009
    }

@book{love,
	author  = "T. Love",
	title   = "ANSI C for Programmers on UNIX Systems by Time Love",
    journal = "C tutorial",
	url     = "http://www-h.eng.cam.ac.uk/help/tpl/languages/C/teaching_C/"
    }

@book{bartlett,
	author  = "J. Bartlett",
	title   = "Programming from the Ground Up",
    url     = "http://nongnu.uib.no//pgubook/ProgrammingGroundUp-1-0-booksize.pdf",
	chapter = "All chapters"
    }
